{
  "leader": "04580cam a2200601 a 4500",
  "fields": [
    {
      "001": "ocm01333670\\"
    },
    {
      "003": "OCoLC"
    },
    {
      "005": "20230106151101.0"
    },
    {
      "008": "760326s1975\\\\\\\\ne\\a\\\\\\\\\\b\\\\\\\\101\\0\\eng\\\\"
    },
    {
      "010": {
        "ind1": "\\",
        "ind2": "\\",
        "subfields": [
          {
            "a": "   76357416 "
          }
        ]
      }
    },
    {
      "040": {
        "ind1": "\\",
        "ind2": "\\",
        "subfields": [
          {
            "a": "DLC"
          },
          {
            "b": "eng"
          },
          {
            "c": "DLC"
          },
          {
            "d": "MXC"
          },
          {
            "d": "YSM"
          },
          {
            "d": "MCL"
          },
          {
            "d": "NLM"
          },
          {
            "d": "UBA"
          },
          {
            "d": "OCL"
          },
          {
            "d": "OCLCQ"
          },
          {
            "d": "NLGGC"
          },
          {
            "d": "BTCTA"
          },
          {
            "d": "LVB"
          },
          {
            "d": "OKU"
          },
          {
            "d": "DEBBG"
          },
          {
            "d": "OCLCA"
          },
          {
            "d": "BDX"
          },
          {
            "d": "GBVCP"
          },
          {
            "d": "OCLCF"
          },
          {
            "d": "OCLCQ"
          },
          {
            "d": "OCL"
          },
          {
            "d": "EUW"
          },
          {
            "d": "OCLCQ"
          },
          {
            "d": "OCLCO"
          },
          {
            "d": "OCLCA"
          },
          {
            "d": "LGG"
          },
          {
            "d": "LUN"
          },
          {
            "d": "TXHLS"
          },
          {
            "d": "OCLCO"
          },
          {
            "d": "OCL"
          }
        ]
      }
    },
    {
      "016": {
        "ind1": "7",
        "ind2": "\\",
        "subfields": [
          {
            "a": "7504571"
          },
          {
            "2": "DNLM"
          }
        ]
      }
    },
    {
      "016": {
        "ind1": "7",
        "ind2": "\\",
        "subfields": [
          {
            "a": "B7506034"
          },
          {
            "2": "bccb"
          }
        ]
      }
    },
    {
      "019": {
        "ind1": "\\",
        "ind2": "\\",
        "subfields": [
          {
            "a": "1441072"
          },
          {
            "a": "1628266"
          },
          {
            "a": "1948861"
          },
          {
            "a": "2983238"
          },
          {
            "a": "35357285"
          },
          {
            "a": "271400884"
          },
          {
            "a": "959358675"
          },
          {
            "a": "1167003933"
          }
        ]
      }
    },
    {
      "020": {
        "ind1": "\\",
        "ind2": "\\",
        "subfields": [
          {
            "a": "9021940310"
          }
        ]
      }
    },
    {
      "020": {
        "ind1": "\\",
        "ind2": "\\",
        "subfields": [
          {
            "a": "9789021940311"
          }
        ]
      }
    },
    {
      "020": {
        "ind1": "\\",
        "ind2": "\\",
        "subfields": [
          {
            "a": "0444151478"
          }
        ]
      }
    },
    {
      "020": {
        "ind1": "\\",
        "ind2": "\\",
        "subfields": [
          {
            "a": "9780444151476"
          }
        ]
      }
    },
    {
      "035": {
        "ind1": "\\",
        "ind2": "\\",
        "subfields": [
          {
            "a": "(OCoLC)1333670"
          },
          {
            "z": "(OCoLC)1441072"
          },
          {
            "z": "(OCoLC)1628266"
          },
          {
            "z": "(OCoLC)1948861"
          },
          {
            "z": "(OCoLC)2983238"
          },
          {
            "z": "(OCoLC)35357285"
          },
          {
            "z": "(OCoLC)271400884"
          },
          {
            "z": "(OCoLC)959358675"
          },
          {
            "z": "(OCoLC)1167003933"
          }
        ]
      }
    },
    {
      "050": {
        "ind1": "0",
        "ind2": "0",
        "subfields": [
          {
            "a": "QH599"
          },
          {
            "b": ".S95 1974"
          }
        ]
      }
    },
    {
      "082": {
        "ind1": "0",
        "ind2": "0",
        "subfields": [
          {
            "a": "574.8732"
          },
          {
            "b": "SYM"
          }
        ]
      }
    },
    {
      "111": {
        "ind1": "2",
        "ind2": "\\",
        "subfields": [
          {
            "a": "Symposium on the Structure and Function of Chromatin"
          },
          {
            "d": "(1974 :"
          },
          {
            "c": "Ciba Foundation)"
          }
        ]
      }
    },
    {
      "245": {
        "ind1": "1",
        "ind2": "4",
        "subfields": [
          {
            "a": "The structure and function of chromatin."
          }
        ]
      }
    },
    {
      "260": {
        "ind1": "\\",
        "ind2": "\\",
        "subfields": [
          {
            "a": "Amsterdam ;"
          },
          {
            "a": "New York :"
          },
          {
            "b": "Elsevier :"
          },
          {
            "b": "Associated Scientific,"
          },
          {
            "c": "1975."
          }
        ]
      }
    },
    {
      "300": {
        "ind1": "\\",
        "ind2": "\\",
        "subfields": [
          {
            "a": "ix, 368 pages :"
          },
          {
            "b": "illustrations ;"
          },
          {
            "c": "25 cm."
          }
        ]
      }
    },
    {
      "336": {
        "ind1": "\\",
        "ind2": "\\",
        "subfields": [
          {
            "a": "text"
          },
          {
            "b": "txt"
          },
          {
            "2": "rdacontent"
          }
        ]
      }
    },
    {
      "337": {
        "ind1": "\\",
        "ind2": "\\",
        "subfields": [
          {
            "a": "unmediated"
          },
          {
            "b": "n"
          },
          {
            "2": "rdamedia"
          }
        ]
      }
    },
    {
      "338": {
        "ind1": "\\",
        "ind2": "\\",
        "subfields": [
          {
            "a": "volume"
          },
          {
            "b": "nc"
          },
          {
            "2": "rdacarrier"
          }
        ]
      }
    },
    {
      "490": {
        "ind1": "1",
        "ind2": "\\",
        "subfields": [
          {
            "a": "Ciba Foundation symposium ;"
          },
          {
            "v": "28 (new ser.)"
          }
        ]
      }
    },
    {
      "500": {
        "ind1": "\\",
        "ind2": "\\",
        "subfields": [
          {
            "a": "Proceedings of the Symposium on the Structure and Function of Chromatin, held at the Ciba Foundation, London, Apr. 3-5, 1974."
          }
        ]
      }
    },
    {
      "500": {
        "ind1": "\\",
        "ind2": "\\",
        "subfields": [
          {
            "a": "Editors: David W. FitzSimons and G.E.W. Wolstenholme."
          }
        ]
      }
    },
    {
      "504": {
        "ind1": "\\",
        "ind2": "\\",
        "subfields": [
          {
            "a": "Includes bibliographical references and indexes."
          }
        ]
      }
    },
    {
      "505": {
        "ind1": "0",
        "ind2": "\\",
        "subfields": [
          {
            "a": "Histone nomenclature / E.M. Bradbury -- Chromosornal structure as seen by electron microscopy / Hans Ris -- The specific template activity of chromatin / G. Felsenfeld, R. Axel, H. Cedar, B. Sollner-Webb -- Histone function and evolution as viewed by sequence studies / Robert J. Delange, Emil L. Smith -- Structure of histone H2A (histone ALK, IIbl or F2a2) / P. Sautiere, D. Wouters-Tyrou, B. Laine, G. Biserte -- Chromosomal proteins related to histones / E.W. Johns, G.H. Goodwin, J.M. Walker, C. Sanders -- Chemistry of the non-histone chromosomal proteins / Sarah C.R. Elgin, William E. Stumph -- Histones in chromosomal structure and control of cell division / E.M. Bradbury -- X-ray diffraction of nucleohistones from spermatozoa / Juan A. Subirana, Luis C. Puigjaner, Josep Roca, Remedios Llopis, Pedro Suau -- The regulatory role of non-histone proteins in RNA synthesis / J. Paul, R.S. Gilmour -- Sequence-specific binding of DNA by non-histone proteins and their migration from cytoplasm to nucleus during gene activation / Vincent G. Allfrey, Akira Inoue, Jonathan Karn, Edward M. Johnson, Robert A. Good, John W. Hadden -- The biological roles of post-synthetic modifications of basic nuclear proteins / G.H. Dixon, E.P.M. Candido, B.M. Honda, A.J. Louie, A.R. Macleod, M.T. Sung -- Micromodification of histone during the cell cycle / Margery G. Ord, Lloyd A. Stocken -- Changes in chromatin structure and function in W138 cells stimulated to proliferate / Renato Baserga, Bernd Bombik, Claudio Nicolini -- The arrangement of histone complexes along the chromosomal fibre / Harold Weintraub, Frederick Van Lente, Richard Blumenthal -- Regulation of gene expression in higher organisms : how it all works / James Bonner."
          }
        ]
      }
    },
    {
      "650": {
        "ind1": "\\",
        "ind2": "0",
        "subfields": [
          {
            "a": "Chromatin"
          },
          {
            "v": "Congresses."
          }
        ]
      }
    },
    {
      "650": {
        "ind1": "\\",
        "ind2": "0",
        "subfields": [
          {
            "a": "Chromatin."
          }
        ]
      }
    },
    {
      "650": {
        "ind1": "\\",
        "ind2": "0",
        "subfields": [
          {
            "a": "Chromosomes"
          },
          {
            "v": "Congresses."
          }
        ]
      }
    },
    {
      "650": {
        "ind1": "\\",
        "ind2": "0",
        "subfields": [
          {
            "a": "Proteins"
          },
          {
            "v": "Congresses."
          }
        ]
      }
    },
    {
      "650": {
        "ind1": "\\",
        "ind2": "2",
        "subfields": [
          {
            "a": "Chromatin"
          }
        ]
      }
    },
    {
      "650": {
        "ind1": "\\",
        "ind2": "7",
        "subfields": [
          {
            "a": "Proteins."
          },
          {
            "2": "fast"
          },
          {
            "0": "(OCoLC)fst01079711"
          }
        ]
      }
    },
    {
      "650": {
        "ind1": "\\",
        "ind2": "7",
        "subfields": [
          {
            "a": "Chromosomes."
          },
          {
            "2": "fast"
          },
          {
            "0": "(OCoLC)fst00860066"
          }
        ]
      }
    },
    {
      "650": {
        "ind1": "\\",
        "ind2": "7",
        "subfields": [
          {
            "a": "Chromatin."
          },
          {
            "2": "fast"
          },
          {
            "0": "(OCoLC)fst00859922"
          }
        ]
      }
    },
    {
      "655": {
        "ind1": "\\",
        "ind2": "2",
        "subfields": [
          {
            "a": "Congress"
          }
        ]
      }
    },
    {
      "655": {
        "ind1": "\\",
        "ind2": "7",
        "subfields": [
          {
            "a": "Conference papers and proceedings."
          },
          {
            "2": "fast"
          },
          {
            "0": "(OCoLC)fst01423772"
          }
        ]
      }
    },
    {
      "655": {
        "ind1": "\\",
        "ind2": "7",
        "subfields": [
          {
            "a": "Conference papers and proceedings."
          },
          {
            "2": "lcgft"
          }
        ]
      }
    },
    {
      "700": {
        "ind1": "1",
        "ind2": "\\",
        "subfields": [
          {
            "a": "FitzSimons, David W."
          }
        ]
      }
    },
    {
      "700": {
        "ind1": "1",
        "ind2": "\\",
        "subfields": [
          {
            "a": "Wolstenholme, G. E. W."
          },
          {
            "q": "(Gordon Ethelbert Ward)"
          }
        ]
      }
    },
    {
      "710": {
        "ind1": "2",
        "ind2": "\\",
        "subfields": [
          {
            "a": "Ciba Foundation."
          }
        ]
      }
    },
    {
      "776": {
        "ind1": "0",
        "ind2": "8",
        "subfields": [
          {
            "i": "Online version:"
          },
          {
            "a": "Symposium on the Structure and Function of Chromatin (1974 : London, England)."
          },
          {
            "t": "Structure and function of chromatin."
          },
          {
            "d": "Amsterdam ; New York : Elsevier, 1975"
          },
          {
            "w": "(OCoLC)607818130"
          }
        ]
      }
    },
    {
      "776": {
        "ind1": "0",
        "ind2": "8",
        "subfields": [
          {
            "i": "Online version:"
          },
          {
            "a": "Symposium on the Structure and Function of Chromatin (1974 : London, England)."
          },
          {
            "t": "Structure and function of chromatin."
          },
          {
            "d": "Amsterdam ; New York : Elsevier, 1975"
          },
          {
            "w": "(OCoLC)610274865"
          }
        ]
      }
    },
    {
      "830": {
        "ind1": "\\",
        "ind2": "0",
        "subfields": [
          {
            "a": "Ciba Foundation symposium ;"
          },
          {
            "v": "new ser. 28."
          }
        ]
      }
    },
    {
      "994": {
        "ind1": "\\",
        "ind2": "\\",
        "subfields": [
          {
            "a": "Z0"
          },
          {
            "b": "NYRVC"
          }
        ]
      }
    },
    {
      "948": {
        "ind1": "\\",
        "ind2": "\\",
        "subfields": [
          {
            "h": "NO HOLDINGS IN NYRVC - 336 OTHER HOLDINGS"
          }
        ]
      }
    },
    {
      "999": {
        "ind1": "\\",
        "ind2": "\\",
        "subfields": [
          {
            "a": "00000000012770"
          }
        ]
      }
    }
  ]
}